%YAML 1.1
%TAG !u! tag:unity3d.com,2011:
--- !u!1 &100000
GameObject:
  m_ObjectHideFlags: 0
  m_PrefabParentObject: {fileID: 0}
  m_PrefabInternal: {fileID: 100100000}
  serializedVersion: 4
  m_Component:
  - 4: {fileID: 400000}
  - 33: {fileID: 3300000}
  - 23: {fileID: 2300000}
  - 114: {fileID: 11400002}
  - 114: {fileID: 11400000}
  - 114: {fileID: 11400008}
  - 114: {fileID: 11400006}
  - 114: {fileID: 11400010}
  m_Layer: 0
  m_Name: LevelBtn 1
  m_TagString: Untagged
  m_Icon: {fileID: 0}
  m_NavMeshLayer: 0
  m_StaticEditorFlags: 0
  m_IsActive: 1
--- !u!1 &100002
GameObject:
  m_ObjectHideFlags: 0
  m_PrefabParentObject: {fileID: 0}
  m_PrefabInternal: {fileID: 100100000}
  serializedVersion: 4
  m_Component:
  - 4: {fileID: 400002}
  - 23: {fileID: 2300002}
  - 33: {fileID: 3300002}
  - 114: {fileID: 11400004}
  m_Layer: 0
  m_Name: LevelNumText
  m_TagString: Untagged
  m_Icon: {fileID: 0}
  m_NavMeshLayer: 0
  m_StaticEditorFlags: 0
  m_IsActive: 1
--- !u!4 &400000
Transform:
  m_ObjectHideFlags: 1
  m_PrefabParentObject: {fileID: 0}
  m_PrefabInternal: {fileID: 100100000}
  m_GameObject: {fileID: 100000}
  m_LocalRotation: {x: 0, y: 0, z: 0, w: 1}
  m_LocalPosition: {x: 195.32002, y: 1296.7258, z: -1}
  m_LocalScale: {x: 1, y: 1, z: 1}
  m_LocalEulerAnglesHint: {x: 0, y: 0, z: 0}
  m_Children:
  - {fileID: 400002}
  m_Father: {fileID: 0}
  m_RootOrder: 0
--- !u!4 &400002
Transform:
  m_ObjectHideFlags: 1
  m_PrefabParentObject: {fileID: 0}
  m_PrefabInternal: {fileID: 100100000}
  m_GameObject: {fileID: 100002}
  m_LocalRotation: {x: 0, y: 0, z: 0, w: 1}
  m_LocalPosition: {x: -5.910791, y: 13.791895, z: -1}
  m_LocalScale: {x: 1, y: 1, z: 1}
  m_LocalEulerAnglesHint: {x: 0, y: 0, z: 0}
  m_Children: []
  m_Father: {fileID: 400000}
  m_RootOrder: 0
--- !u!23 &2300000
MeshRenderer:
  m_ObjectHideFlags: 1
  m_PrefabParentObject: {fileID: 0}
  m_PrefabInternal: {fileID: 100100000}
  m_GameObject: {fileID: 100000}
  m_Enabled: 1
  m_CastShadows: 1
  m_ReceiveShadows: 1
  m_Materials:
  - {fileID: 2100000, guid: 23143ebaecdf57e448c9991cd3db06c9, type: 2}
  m_SubsetIndices: 
  m_StaticBatchRoot: {fileID: 0}
  m_UseLightProbes: 0
  m_ReflectionProbeUsage: 1
  m_ProbeAnchor: {fileID: 0}
  m_ScaleInLightmap: 1
  m_PreserveUVs: 0
  m_IgnoreNormalsForChartDetection: 0
  m_ImportantGI: 0
  m_MinimumChartSize: 4
  m_AutoUVMaxDistance: 0.5
  m_AutoUVMaxAngle: 89
  m_LightmapParameters: {fileID: 0}
  m_SortingLayerID: 0
  m_SortingOrder: 7
--- !u!23 &2300002
MeshRenderer:
  m_ObjectHideFlags: 1
  m_PrefabParentObject: {fileID: 0}
  m_PrefabInternal: {fileID: 100100000}
  m_GameObject: {fileID: 100002}
  m_Enabled: 1
  m_CastShadows: 1
  m_ReceiveShadows: 1
  m_Materials:
  - {fileID: 2100000, guid: 903e7664965fd0e4d9be946dc6c47d9c, type: 2}
  m_SubsetIndices: 
  m_StaticBatchRoot: {fileID: 0}
  m_UseLightProbes: 0
  m_ReflectionProbeUsage: 1
  m_ProbeAnchor: {fileID: 0}
  m_ScaleInLightmap: 1
  m_PreserveUVs: 0
  m_IgnoreNormalsForChartDetection: 0
  m_ImportantGI: 0
  m_MinimumChartSize: 4
  m_AutoUVMaxDistance: 0.5
  m_AutoUVMaxAngle: 89
  m_LightmapParameters: {fileID: 0}
  m_SortingLayerID: 0
  m_SortingOrder: 0
--- !u!33 &3300000
MeshFilter:
  m_ObjectHideFlags: 1
  m_PrefabParentObject: {fileID: 0}
  m_PrefabInternal: {fileID: 100100000}
  m_GameObject: {fileID: 100000}
  m_Mesh: {fileID: 0}
--- !u!33 &3300002
MeshFilter:
  m_ObjectHideFlags: 1
  m_PrefabParentObject: {fileID: 0}
  m_PrefabInternal: {fileID: 100100000}
  m_GameObject: {fileID: 100002}
  m_Mesh: {fileID: 0}
--- !u!114 &11400000
MonoBehaviour:
  m_ObjectHideFlags: 1
  m_PrefabParentObject: {fileID: 0}
  m_PrefabInternal: {fileID: 100100000}
  m_GameObject: {fileID: 100000}
  m_Enabled: 1
  m_EditorHideFlags: 0
  m_Script: {fileID: 11500000, guid: 3a0eccca69f1e8a47bd387dcf69d1052, type: 3}
  m_Name: 
  m_EditorClassIdentifier: 
  buttonGuardObject: {fileID: 176116, guid: 206dc86b4c6b8924885589940c9a8d88, type: 2}
--- !u!114 &11400002
MonoBehaviour:
  m_ObjectHideFlags: 1
  m_PrefabParentObject: {fileID: 0}
  m_PrefabInternal: {fileID: 100100000}
  m_GameObject: {fileID: 100000}
  m_Enabled: 1
  m_EditorHideFlags: 0
  m_Script: {fileID: 11500000, guid: c06a18a4068feb44792762017fa0ffa1, type: 3}
  m_Name: 
  m_EditorClassIdentifier: 
  collection: {fileID: 11400000, guid: 11daffcbab6659c468f8c1783effab90, type: 2}
  _color: {r: 1, g: 1, b: 1, a: 1}
  _scale: {x: 1.15, y: 1.15, z: 1}
  _spriteId: 6
  boxCollider2D: {fileID: 0}
  polygonCollider2D: []
  edgeCollider2D: []
  boxCollider: {fileID: 0}
  meshCollider: {fileID: 0}
  meshColliderPositions: []
  meshColliderMesh: {fileID: 0}
  renderLayer: 7
--- !u!114 &11400004
MonoBehaviour:
  m_ObjectHideFlags: 1
  m_PrefabParentObject: {fileID: 0}
  m_PrefabInternal: {fileID: 100100000}
  m_GameObject: {fileID: 100002}
  m_Enabled: 1
  m_EditorHideFlags: 0
  m_Script: {fileID: 11500000, guid: 8564ff7c0e9828c4699e5f1536fb6929, type: 3}
  m_Name: 
  m_EditorClassIdentifier: 
  _font: {fileID: 0}
  _text: 
  _color: {r: 1, g: 1, b: 1, a: 1}
  _color2: {r: 1, g: 1, b: 1, a: 1}
  _useGradient: 0
  _textureGradient: 0
  _anchor: 6
  _scale: {x: 1, y: 1, z: 1}
  _kerning: 0
  _maxChars: 16
  _inlineStyling: 0
  _formatting: 0
  _wordWrapWidth: 0
  spacing: 0
  lineSpacing: 0
  data:
    version: 1
    font: {fileID: 11400000, guid: ec6035183090d18439c8ff63e6506dad, type: 2}
    text: 1
    color: {r: 1, g: 1, b: 1, a: 1}
    color2: {r: 1, g: 1, b: 1, a: 1}
    useGradient: 0
    textureGradient: 0
    anchor: 4
    renderLayer: 0
    scale: {x: 0.6, y: 0.6, z: 1}
    kerning: 0
    maxChars: 2
    inlineStyling: 0
    formatting: 0
    wordWrapWidth: 0
    spacing: 0
    lineSpacing: 0
--- !u!114 &11400006
MonoBehaviour:
  m_ObjectHideFlags: 1
  m_PrefabParentObject: {fileID: 0}
  m_PrefabInternal: {fileID: 100100000}
  m_GameObject: {fileID: 100000}
  m_Enabled: 1
  m_EditorHideFlags: 0
  m_Script: {fileID: 11500000, guid: 0bc67dd54697af64289f3fcc4fbe9e79, type: 3}
  m_Name: 
  m_EditorClassIdentifier: 
  sendMessageTarget: {fileID: 100000}
  SendMessageOnDownMethodName: 
  SendMessageOnUpMethodName: 
  SendMessageOnClickMethodName: 
  SendMessageOnReleaseMethodName: 
  isChildOfAnotherUIItem: 0
  registerPressFromChildren: 0
  isHoverEnabled: 0
  editorExtraBounds: []
  editorIgnoreBounds: []
--- !u!114 &11400008
MonoBehaviour:
  m_ObjectHideFlags: 1
  m_PrefabParentObject: {fileID: 0}
  m_PrefabInternal: {fileID: 100100000}
  m_GameObject: {fileID: 100000}
  m_Enabled: 1
  m_EditorHideFlags: 0
  m_Script: {fileID: 11500000, guid: 8a91713cf1a14af4da0a59673919a651, type: 3}
  m_Name: 
  m_EditorClassIdentifier: 
  viewCamera: {fileID: 0}
  buttonDownSprite: levelbtn
  buttonUpSprite: levelbtn
  buttonPressedSprite: levelbtn
  buttonDownSound: {fileID: 0}
  buttonUpSound: {fileID: 0}
  buttonPressedSound: {fileID: 0}
  targetObject: {fileID: 0}
  messageName: 
  targetScale: 1.1
  scaleTime: 0.05
  pressedWaitTime: 0.3
--- !u!114 &11400010
MonoBehaviour:
  m_ObjectHideFlags: 1
  m_PrefabParentObject: {fileID: 0}
  m_PrefabInternal: {fileID: 100100000}
  m_GameObject: {fileID: 100000}
  m_Enabled: 1
  m_EditorHideFlags: 0
  m_Script: {fileID: 11500000, guid: b84191a5f647f9d46b29f9d2fa1d4e72, type: 3}
  m_Name: 
  m_EditorClassIdentifier: 
  isLandscape: 0
--- !u!1001 &100100000
Prefab:
  m_ObjectHideFlags: 1
  serializedVersion: 2
  m_Modification:
    m_TransformParent: {fileID: 0}
    m_Modifications: []
    m_RemovedComponents: []
  m_ParentPrefab: {fileID: 0}
  m_RootGameObject: {fileID: 100000}
  m_IsPrefabParent: 1
